@misc{GoRelease,
  author = "{Google LLC}",
  title = {{Go} Version 1 release},
  howpublished = {\url{https://blog.golang.org/go-version-1-is-released}},
  note = {Accessed: 2018-08-12}
}

@misc{Go,
  author = "{Google LLC}",
  title = {{Go} Website},
  howpublished = {\url{https://golang.org/}},
  note = {Accessed: 2018-08-12}
}

@misc{GoBlog,
  author = "{Google LLC}",
  title = {{Go} Blog},
  howpublished = {\url{https://blog.golang.org/}},
  note = {Accessed: 2018-08-12}
}

@misc{GoTour,
  author = "{Google LLC}",
  title = {{Go} Tour},
  howpublished = {\url{https://tour.golang.org/}},
  note = {Accessed: 2018-08-12}
}

@misc{GoGithubWiki,
  author = "{Multiple contributors, visible on \url{https://github.com/golang/go/wiki/Home/_history}}",
  title = {{Github} Go Wiki},
  howpublished = {\url{https://github.com/golang/go/wiki/}},
  note = {Accessed: 2018-08-12}
}

@article{DBLP:journals/corr/KlambauerUMH17,
  author    = {G{\"{u}}nter Klambauer and
               Thomas Unterthiner and
               Andreas Mayr and
               Sepp Hochreiter},
  title     = {Self-Normalizing Neural Networks},
  journal   = {CoRR},
  volume    = {abs/1706.02515},
  year      = {2017},
  url       = {http://arxiv.org/abs/1706.02515},
  archivePrefix = {arXiv},
  eprint    = {1706.02515},
  timestamp = {Mon, 03 Jul 2017 13:29:02 +0200},
  biburl    = {https://dblp.org/rec/bib/journals/corr/KlambauerUMH17},
  bibsource = {dblp computer science bibliography, https://dblp.org}
}

@misc{MNISTData,
  author = {Yann LeCun, Corinna Cortes, Christopher J.C. Burges},
  title = {{THE MNIST DATABASE} of handwritten digits},
  howpublished = {\url{http://yann.lecun.com/exdb/mnist/index.html}},
  note = {Accessed: 2018-08-12}
}

@Inbook{LeCun2012,
author="LeCun, Yann A.
and Bottou, L{\'e}on
and Orr, Genevieve B.
and M{\"u}ller, Klaus-Robert",
editor="Montavon, Gr{\'e}goire
and Orr, Genevi{\`e}ve B.
and M{\"u}ller, Klaus-Robert",
title="Efficient BackProp",
bookTitle="Neural Networks: Tricks of the Trade: Second Edition",
year="2012",
publisher="Springer Berlin Heidelberg",
address="Berlin, Heidelberg",
pages="9--48",
abstract="The convergence of back-propagation learning is analyzed so as to explain common phenomenon observed by practitioners. Many undesirable behaviors of backprop can be avoided with tricks that are rarely exposed in serious technical publications. This paper gives some of those tricks, and offers explanations of why they work.",
isbn="978-3-642-35289-8",
doi="10.1007/978-3-642-35289-8_3",
url="https://doi.org/10.1007/978-3-642-35289-8_3"
}

@article{DBLP:journals/corr/abs-1211-5063,
  author    = {Razvan Pascanu and
               Tomas Mikolov and
               Yoshua Bengio},
  title     = {Understanding the exploding gradient problem},
  journal   = {CoRR},
  volume    = {abs/1211.5063},
  year      = {2012},
  url       = {http://arxiv.org/abs/1211.5063},
  archivePrefix = {arXiv},
  eprint    = {1211.5063},
  timestamp = {Wed, 07 Jun 2017 14:40:40 +0200},
  biburl    = {https://dblp.org/rec/bib/journals/corr/abs-1211-5063},
  bibsource = {dblp computer science bibliography, https://dblp.org}
}

@article{zou2005regularization,
  title={Regularization and variable selection via the elastic net},
  author={Zou, Hui and Hastie, Trevor},
  journal={Journal of the Royal Statistical Society: Series B (Statistical Methodology)},
  volume={67},
  number={2},
  pages={301--320},
  year={2005},
  publisher={Wiley Online Library}
}

@article{DBLP:journals/corr/IoffeS15,
  author    = {Sergey Ioffe and
               Christian Szegedy},
  title     = {Batch Normalization: Accelerating Deep Network Training by Reducing
               Internal Covariate Shift},
  journal   = {CoRR},
  volume    = {abs/1502.03167},
  year      = {2015},
  url       = {http://arxiv.org/abs/1502.03167},
  archivePrefix = {arXiv},
  eprint    = {1502.03167},
  timestamp = {Wed, 07 Jun 2017 14:40:49 +0200},
  biburl    = {https://dblp.org/rec/bib/journals/corr/IoffeS15},
  bibsource = {dblp computer science bibliography, https://dblp.org}
}

@inproceedings{pethick2003parallelization,
  title={Parallelization of a backpropagation neural network on a cluster computer},
  author={Pethick, Mark and Liddle, Michael and Werstein, Paul and Huang, Zhiyi},
  booktitle={International conference on parallel and distributed computing and systems (PDCS 2003)},
  year={2003}
}

@book{GoodfellowEtAl2016,
    title={Deep Learning},
    author={Ian Goodfellow and Yoshua Bengio and Aaron Courville},
    publisher={MIT Press},
    note={\url{http://www.deeplearningbook.org}},
    year={2016}
}

@article{DBLP:journals/corr/ClevertUH15,
  author    = {Djork{-}Arn{\'{e}} Clevert and
               Thomas Unterthiner and
               Sepp Hochreiter},
  title     = {Fast and Accurate Deep Network Learning by Exponential Linear Units
               (ELUs)},
  journal   = {CoRR},
  volume    = {abs/1511.07289},
  year      = {2015},
  url       = {http://arxiv.org/abs/1511.07289},
  archivePrefix = {arXiv},
  eprint    = {1511.07289},
  timestamp = {Wed, 07 Jun 2017 14:40:17 +0200},
  biburl    = {https://dblp.org/rec/bib/journals/corr/ClevertUH15},
  bibsource = {dblp computer science bibliography, https://dblp.org}
}

@inproceedings{Maas2013RectifierNI,
  title={Rectifier Nonlinearities Improve Neural Network Acoustic Models},
  author={Andrew L. Maas},
  year={2013}
}

@InProceedings{pmlr-v15-glorot11a,
  title = 	 {Deep Sparse Rectifier Neural Networks},
  author = 	 {Xavier Glorot and Antoine Bordes and Yoshua Bengio},
  booktitle = 	 {Proceedings of the Fourteenth International Conference on Artificial Intelligence and Statistics},
  pages = 	 {315--323},
  year = 	 {2011},
  editor = 	 {Geoffrey Gordon and David Dunson and Miroslav Dud√≠k},
  volume = 	 {15},
  series = 	 {Proceedings of Machine Learning Research},
  address = 	 {Fort Lauderdale, FL, USA},
  month = 	 {11--13 Apr},
  publisher = 	 {PMLR},
  pdf = 	 {http://proceedings.mlr.press/v15/glorot11a/glorot11a.pdf},
  url = 	 {http://proceedings.mlr.press/v15/glorot11a.html}
}

@article{DBLP:journals/corr/Ruder16,
  author    = {Sebastian Ruder},
  title     = {An overview of gradient descent optimization algorithms},
  journal   = {CoRR},
  volume    = {abs/1609.04747},
  year      = {2016},
  url       = {http://arxiv.org/abs/1609.04747},
  archivePrefix = {arXiv},
  eprint    = {1609.04747},
  timestamp = {Mon, 13 Aug 2018 16:48:10 +0200},
  biburl    = {https://dblp.org/rec/bib/journals/corr/Ruder16},
  bibsource = {dblp computer science bibliography, https://dblp.org}
}

@incollection{NIPS1993_877,
title = {The "Softmax" Nonlinearity: Derivation Using Statistical Mechanics and Useful Properties as a Multiterminal Analog Circuit Element},
author = {Elfadel, I. M. and Wyatt, Jr., J. L.},
booktitle = {Advances in Neural Information Processing Systems 6},
editor = {J. D. Cowan and G. Tesauro and J. Alspector},
pages = {882--887},
year = {1994},
publisher = {Morgan-Kaufmann},
url = {http://papers.nips.cc/paper/877-the-softmax-nonlinearity-derivation-using-statistical-mechanics-and-useful-properties-as-a-multiterminal-analog-circuit-element.pdf}
}

@inproceedings{Rogers1997StrategiesFP,
  title={Strategies for Parallelizing Supervised and Unsupervised Learning in Arti cial Neural Networks Using the BSP Cost Model},
  author={R. O. Rogers and David B. Skillicorn},
  year={1997}
}

@article{sadowski2016notes,
  title={Notes on backpropagation},
  author={Sadowski, Peter},
  journal={homepage: https://www. ics. uci. edu/\~{} pjsadows/notes. pdf (online)},
  year={2016}
}

@incollection{NIPS2010_4006,
title = {Parallelized Stochastic Gradient Descent},
author = {Martin Zinkevich and Markus Weimer and Li, Lihong and Alex J. Smola},
booktitle = {Advances in Neural Information Processing Systems 23},
editor = {J. D. Lafferty and C. K. I. Williams and J. Shawe-Taylor and R. S. Zemel and A. Culotta},
pages = {2595--2603},
year = {2010},
publisher = {Curran Associates, Inc.},
url = {http://papers.nips.cc/paper/4006-parallelized-stochastic-gradient-descent.pdf}
}

@incollection{bottou2010large,
  title={Large-scale machine learning with stochastic gradient descent},
  author={Bottou, L{\'e}on},
  booktitle={Proceedings of COMPSTAT'2010},
  pages={177--186},
  year={2010},
  publisher={Springer}
}
